@article{Boothe-2000,
 author = {Boothe, Bob},
 title = {Efficient Algorithms for Bidirectional Debugging},
 journal = {SIGPLAN Not.},
 issue_date = {May 2000},
 volume = {35},
 number = {5},
 month = may,
 year = {2000},
 issn = {0362-1340},
 pages = {299--310},
 numpages = {12},
 url = {http://doi.acm.org/10.1145/358438.349339},
 doi = {10.1145/358438.349339},
 acmid = {349339},
 publisher = {ACM},
 address = {New York, NY, USA},
}

@article{Akgul-2002,
 author = {Akgul, Tankut and Mooney,III, Vincent J.},
 title = {Instruction-level Reverse Execution for Debugging},
 journal = {SIGSOFT Softw. Eng. Notes},
 issue_date = {January 2003},
 volume = {28},
 number = {1},
 month = nov,
 year = {2002},
 issn = {0163-5948},
 pages = {18--25},
 numpages = {8},
 url = {http://doi.acm.org/10.1145/634636.586101},
 doi = {10.1145/634636.586101},
 acmid = {586101},
 publisher = {ACM},
 address = {New York, NY, USA},
 keywords = {debugging, reverse code generation, reverse execution},
} 

@inproceedings{Koju-2005,
	author = {Koju, Toshihiko and Takada, Shingo and Doi, Norihisa},
	title = {An Efficient and Generic Reversible Debugger Using the Virtual Machine Based Approach},
	booktitle = {Proceedings of the 1st ACM/USENIX International Conference on Virtual Execution Environments},
	series = {VEE '05},
	year = {2005},
	isbn = {1-59593-047-7},
	location = {Chicago, IL, USA},
	pages = {79--88},
	numpages = {10},
	url = {http://doi.acm.org/10.1145/1064979.1064992},
	doi = {10.1145/1064979.1064992},
	acmid = {1064992},
	publisher = {ACM},
	address = {New York, NY, USA},
	keywords = {debugger, reverse execution, virtual machine},
} 
